<?xml version="1.0" encoding="UTF-8"?><collection xmlns="http://www.loc.gov/MARC21/slim"><record><leader>00388nam--2200121-i-4500</leader><controlfield tag="001">000043352</controlfield><controlfield tag="002">20161230</controlfield><controlfield tag="005">20161230201044</controlfield><controlfield tag="008">060222s1000------------r-----000-0-eng-d</controlfield><datafield ind1=" " ind2=" " tag="245"><subfield code="a">Symposium on practices in the treatment of low and intermediate level radiioactive wastes. vienna, 6-10 december 1965. abstracts of papers</subfield></datafield><datafield ind1=" " ind2=" " tag="260"><subfield code="a">Vienna, Iaea, 1965. P.Ddif</subfield></datafield><datafield ind1=" " ind2=" " tag="490"><subfield code="a">Sm</subfield></datafield><datafield ind1=" " ind2=" " tag="852"><subfield code="a">23407</subfield></datafield></record></collection>